@incollection{akanuma2019common,
  title={The Common Ancestor of All Modern Life},
  author={Akanuma, Satoshi},
  booktitle={Astrobiology},
  pages={91--103},
  year={2019},
  publisher={Springer}
}

@article{alfaro2006posterior,
  title={The posterior and the prior in Bayesian phylogenetics},
  author={Alfaro, Michael E and Holder, Mark T},
  journal={Annu. Rev. Ecol. Evol. Syst.},
  volume={37},
  pages={19--42},
  year={2006},
  publisher={Annual Reviews}
}

@article{anderson2007normative,
  title={Normative dissonance in science: Results from a national survey of US scientists},
  author={Anderson, Melissa S and Martinson, Brian C and De Vries, Raymond},
  journal={Journal of Empirical Research on Human Research Ethics},
  volume={2},
  number={4},
  pages={3--14},
  year={2007},
  publisher={SAGE Publications Sage CA: Los Angeles, CA}
}

@article{ape,
  title = {ape 5.0: an environment for modern phylogenetics and evolutionary analyses in {R}},
  author = {E. Paradis and K. Schliep},
  journal = {Bioinformatics},
  year = {2018},
  volume = {35},
  pages = {526-528},
}

@article{bilderbeek2018babette,
  title={babette: BEAUti 2, BEAST2 and Tracer for R},
  author={Bilderbeek, Rich{\`e}l JC and Etienne, Rampal S},
  journal={Methods in Ecology and Evolution},
  volume={9},
  number={9},
  pages={2034--2040},
  year={2018},
  publisher={Wiley Online Library}
}

@article{bouckaert2014beast,
  title={BEAST 2: a software platform for Bayesian evolutionary analysis},
  author={Bouckaert, Remco and Heled, Joseph and K{\"u}hnert, Denise and Vaughan, Tim and Wu, Chieh-Hsi and Xie, Dong and Suchard, Marc A and Rambaut, Andrew and Drummond, Alexei J},
  journal={PLoS computational biology},
  volume={10},
  number={4},
  year={2014},
  publisher={Public Library of Science}
}

@article{beast25,
    author = {Bouckaert, Remco AND Vaughan, Timothy G. AND Barido-Sottani, Joëlle AND Duchêne, Sebastián AND Fourment, Mathieu AND Gavryushkina, Alexandra AND Heled, Joseph AND Jones, Graham AND Kühnert, Denise AND De Maio, Nicola AND Matschiner, Michael AND Mendes, Fábio K. AND Müller, Nicola F. AND Ogilvie, Huw A. AND du Plessis, Louis AND Popinga, Alex AND Rambaut, Andrew AND Rasmussen, David AND Siveroni, Igor AND Suchard, Marc A. AND Wu, Chieh-Hsi AND Xie, Dong AND Zhang, Chi AND Stadler, Tanja AND Drummond, Alexei J.},
    journal = {PLOS Computational Biology},
    publisher = {Public Library of Science},
    title = {BEAST 2.5: An advanced software platform for Bayesian evolutionary analysis},
    year = {2019},
    month = {04},
    volume = {15},
    url = {https://doi.org/10.1371/journal.pcbi.1006650},
    pages = {1-28},
    abstract = {Author summary Bayesian phylogenetic inference methods have undergone considerable development in recent years, and joint modelling of rich evolutionary data, including genomes, phenotypes and fossil occurrences is increasingly common. Advanced computational software packages that allow robust development of compatible (sub-)models which can be composed into a full model hierarchy have played a key role in these developments. Developing scientific software is increasingly crucial to advancement in many fields of biology. The challenges range from practical software development and engineering, distributed team coordination, conceptual development and statistical modelling, to validation and testing. BEAST 2 is one such computational software platform for phylogenetics, population genetics and phylodynamics, and was first announced over 4 years ago. Here we describe the full range of new tools and models available on the BEAST 2.5 platform, which expand joint evolutionary inference in many new directions, especially for joint inference over multiple data types, non-tree models and complex phylodynamics.},
    number = {4},
    doi = {10.1371/journal.pcbi.1006650}
}

@article{bell2015,
  title={Potentially biogenic carbon preserved in a 4.1 billion-year-old zircon},
  author={Bell, Elizabeth A and Boehnke, Patrick and Harrison, T Mark and Mao, Wendy L},
  journal={Proceedings of the National Academy of Sciences},
  volume={112},
  number={47},
  pages={14518--14521},
  year={2015},
  publisher={National Acad Sciences}
}

@article{betts2018integrated,
  title={Integrated genomic and fossil evidence illuminates life’s early evolution and eukaryote origin},
  author={Betts, Holly C and Puttick, Mark N and Clark, James W and Williams, Tom A and Donoghue, Philip CJ and Pisani, Davide},
  journal={Nature ecology \& evolution},
  volume={2},
  number={10},
  pages={1556},
  year={2018},
  publisher={Nature Publishing Group}
}

@article{brochu2000phylogenetic,
  title={Phylogenetic relationships and divergence timing of Crocodylus based on morphology and the fossil record},
  author={Brochu, Christopher A},
  journal={Copeia},
  volume={2000},
  number={3},
  pages={657--673},
  year={2000}
}

@article{bush1999positive,
  title={Positive selection on the H3 hemagglutinin gene of human influenza virus A.},
  author={Bush, Robin M and Fitch, Walter M and Bender, Catherine A and Cox, Nancy J},
  journal={Molecular biology and evolution},
  volume={16},
  number={11},
  pages={1457--1465},
  year={1999},
  publisher={Oxford University Press}
}

@article{cardinale2012biodiversity,
  title={Biodiversity loss and its impact on humanity},
  author={Cardinale, Bradley J and Duffy, J Emmett and Gonzalez, Andrew and Hooper, David U and Perrings, Charles and Venail, Patrick and Narwani, Anita and Mace, Georgina M and Tilman, David and Wardle, David A and others},
  journal={Nature},
  volume={486},
  number={7401},
  pages={59--67},
  year={2012},
  publisher={Nature Publishing Group}
}

@article{chalmers2009avoidable,
  title={Avoidable waste in the production and reporting of research evidence},
  author={Chalmers, Iain and Glasziou, Paul},
  journal={The Lancet},
  volume={374},
  number={9683},
  pages={86--89},
  year={2009},
  publisher={Elsevier}
}

@Manual{daisie,
  title = {DAISIE: Dynamical Assembly of Islands by Speciation, Immigration and
Extinction},
  author = {Rampal S. Etienne and Luis M. Valente and Albert B. Phillimore & Bart Haegeman},
  year = {2019},
  note = {R package version 1.6.1},
}

@article{dalrymple2001age,
  title={The age of the Earth in the twentieth century: a problem (mostly) solved},
  author={Dalrymple, G Brent},
  journal={Geological Society, London, Special Publications},
  volume={190},
  number={1},
  pages={205--221},
  year={2001},
  publisher={Geological Society of London}
}

@misc{darwin,
  title={On the origin of species},
  author={Darwin, Charles},
  year={1859}
}

@inproceedings{del1995correlation,
  title={On the correlation between code coverage and software reliability},
  author={Del Frate, Fabio and Garg, Praerit and Mathur, Aditya P and Pasquini, Alberto},
  booktitle={Software Reliability Engineering, 1995. Proceedings., Sixth International Symposium on},
  pages={124--132},
  year={1995},
  organization={IEEE}
}

@article{dickersin1987publication,
  title={Publication bias and clinical trials},
  author={Dickersin, Kay and Chan, SS and Chalmersx, TC and Sacks, HS and Smith Jr, H},
  journal={Controlled clinical trials},
  volume={8},
  number={4},
  pages={343--353},
  year={1987},
  publisher={Elsevier}
}

@article{dodd2017evidence,
  title={Evidence for early life in Earth’s oldest hydrothermal vent precipitates},
  author={Dodd, Matthew S and Papineau, Dominic and Grenne, Tor and Slack, John F and Rittner, Martin and Pirajno, Franco and O’Neil, Jonathan and Little, Crispin TS},
  journal={Nature},
  volume={543},
  number={7643},
  pages={60--64},
  year={2017},
  publisher={Nature Publishing Group}
}

@article{doolittle2000uprooting,
  title={Uprooting the tree of life},
  author={Doolittle, W Ford},
  journal={Scientific American},
  volume={282},
  number={2},
  pages={90--95},
  year={2000},
  publisher={JSTOR}
}

@article{duchene2014impact,
  title={The impact of calibration and clock-model choice on molecular estimates of divergence times},
  author={Duch{\^e}ne, Sebasti{\'a}n and Lanfear, Robert and Ho, Simon YW},
  journal={Molecular phylogenetics and evolution},
  volume={78},
  pages={277--289},
  year={2014},
  publisher={Elsevier}
}

@article{etienne2012diversity,
  title={Diversity-dependence brings molecular phylogenies closer to agreement with the fossil record},
  author={Etienne, Rampal S and Haegeman, Bart and Stadler, Tanja and Aze, Tracy and Pearson, Paul N and Purvis, Andy and Phillimore, Albert B},
  journal={Proceedings of the Royal Society B: Biological Sciences},
  volume={279},
  number={1732},
  pages={1300--1309},
  year={2012},
  publisher={The Royal Society}
}

@article{etienne2012prolonging,
  title={Prolonging the past counteracts the pull of the present: protracted speciation can explain observed slowdowns in diversification},
  author={Etienne, Rampal S and Rosindell, James},
  journal={Systematic Biology},
  volume={61},
  number={2},
  pages={204},
  year={2012},
  publisher={Oxford University Press}
}

@article{fennessy2013mitochondrial,
  title={Mitochondrial DNA analyses show that Z ambia's S outh L uangwa V alley giraffe (G iraffa camelopardalis thornicrofti) are genetically isolated},
  author={Fennessy, Julian and Bock, Friederike and Tutchings, Andy and Brenneman, Rick and Janke, Axel},
  journal={African Journal of Ecology},
  volume={51},
  number={4},
  pages={635--640},
  year={2013},
  publisher={Wiley Online Library}
}

@article{fuss2017potential,
  title={Potential hominin affinities of Graecopithecus from the Late Miocene of Europe},
  author={Fuss, Jochen and Spassov, Nikolai and Begun, David R and B{\"o}hme, Madelaine},
  journal={PloS one},
  volume={12},
  number={5},
  pages={e0177127},
  year={2017},
  publisher={Public Library of Science}
}

@article{glansdorff2008last,
  title={The last universal common ancestor: emergence, constitution and genetic legacy of an elusive forerunner},
  author={Glansdorff, Nicolas and Xu, Ying and Labedan, Bernard},
  journal={Biology direct},
  volume={3},
  number={1},
  pages={29},
  year={2008},
  publisher={BioMed Central}
}

@article{heath2008taxon,
  title={Taxon sampling and the accuracy of phylogenetic analyses},
  author={Heath, Tracy A and Hedtke, Shannon M and Hillis, David M},
  journal={Journal of Systematics and Evolution},
  volume={46},
  number={3},
  pages={239--257},
  year={2008}
}

@article{horgan1994,
  title={Achieving software quality with testing coverage measures},
  author={Horgan, Joseph R. and London, Saul and Lyu, Michael R},
  journal={Computer},
  volume={27},
  number={9},
  pages={60--69},
  year={1994},
  publisher={IEEE}
}

@article{hug2016new,
  title={A new view of the tree of life},
  author={Hug, Laura A and Baker, Brett J and Anantharaman, Karthik and Brown, Christopher T and Probst, Alexander J and Castelle, Cindy J and Butterfield, Cristina N and Hernsdorf, Alex W and Amano, Yuki and Ise, Kotaro and others},
  journal={Nature microbiology},
  volume={1},
  number={5},
  pages={16048},
  year={2016},
  publisher={Nature Publishing Group}
}

@article{janzen2015approximate,
  title={Approximate Bayesian Computation of diversification rates from molecular phylogenies: introducing a new efficient summary statistic, the nLTT},
  author={Janzen, Thijs and H{\"o}hna, Sebastian and Etienne, Rampal S},
  journal={Methods in Ecology and Evolution},
  volume={6},
  number={5},
  pages={566--575},
  year={2015},
  publisher={Wiley Online Library}
}

@article{kicinski2015publication,
  title={Publication bias in meta-analyses from the Cochrane Database of Systematic Reviews},
  author={Kicinski, Michal and Springate, David A and Kontopantelis, Evangelos},
  journal={Statistics in medicine},
  volume={34},
  number={20},
  pages={2781--2793},
  year={2015},
  publisher={Wiley Online Library}
}

@article{lack1947,
  title={The significance of clutch-size},
  author={Lack, David},
  journal={Ibis},
  volume={89},
  number={2},
  pages={302--352},
  year={1947},
  publisher={Wiley Online Library}
}

@article{lam2010use,
  title={Use of phylogenetics in the molecular epidemiology and evolutionary studies of viral infections},
  author={Lam, Tommy Tsan-Yuk and Hon, Chung-Chau and Tang, Julian W},
  journal={Critical reviews in clinical laboratory sciences},
  volume={47},
  number={1},
  pages={5--49},
  year={2010},
  publisher={Taylor \& Francis}
}

@article{le2008improved,
  title={An improved general amino acid replacement matrix},
  author={Le, Si Quang and Gascuel, Olivier},
  journal={Molecular biology and evolution},
  volume={25},
  number={7},
  pages={1307--1320},
  year={2008},
  publisher={Oxford University Press}
}

@book{mayr1942,
  title={Systematics and the origin of species, from the viewpoint of a zoologist},
  author={Mayr, Ernst},
  year={1942}
}

@article{macleod2014biomedical,
  title={Biomedical research: increasing value, reducing waste},
  author={Macleod, Malcolm R and Michie, Susan and Roberts, Ian and Dirnagl, Ulrich and Chalmers, Iain and Ioannidis, John PA and Salman, Rustam Al-Shahi and Chan, An-Wen and Glasziou, Paul},
  journal={The Lancet},
  volume={383},
  number={9912},
  pages={101--104},
  year={2014},
  publisher={Elsevier}
}

@misc{mcnutt2014reproducibility,
  title={Reproducibility},
  author={McNutt, Marcia},
  year={2014},
  publisher={American Association for the Advancement of Science}
}

@article{milian2018mitogenomic,
  title={Mitogenomic investigation reveals a cryptic lineage of Crocodylus in Cuba},
  author={Mili{\'a}n-Garc{\'\i}a, Yoamel and Castellanos-Labarcena, Jessica and Russello, Michael A and Amato, George},
  journal={Bulletin of Marine Science},
  volume={94},
  number={2},
  pages={329--343},
  year={2018},
  publisher={University of Miami-Rosenstiel School of Marine and Atmospheric Science}
}

@article{munafo2017manifesto,
  title={A manifesto for reproducible science},
  author={Munaf{\`o}, Marcus R and Nosek, Brian A and Bishop, Dorothy VM and Button, Katherine S and Chambers, Christopher D and Du Sert, Nathalie Percie and Simonsohn, Uri and Wagenmakers, Eric-Jan and Ware, Jennifer J and Ioannidis, John PA},
  journal={Nature human behaviour},
  volume={1},
  number={1},
  pages={1--9},
  year={2017},
  publisher={Nature Publishing Group}
}

@article{nee1994,
  author    = {{Nee S., May R. M. \& Harvey P. H.}},
  title     = {The reconstructed evolutionary process},
  journal   = {Phil. Trans. R. Soc. Lond. B},
  volume    = {344},
  pages     = {305--311},
  number    = {1309},
  year      = {1994}
}

@misc{newman1997model,
    title={A model of mass extinction},
    author={M. E. J. Newman},
    year={1997},
    eprint={adap-org/9702003},
    archivePrefix={arXiv},
    primaryClass={adap-org}
}

@article{nissen2016publication,
  title={Publication bias and the canonization of false facts},
  author={Nissen, Silas Boye and Magidson, Tali and Gross, Kevin and Bergstrom, Carl T},
  journal={Elife},
  volume={5},
  pages={e21451},
  year={2016},
  publisher={eLife Sciences Publications Limited}
}

@article{noffke2013microbially,
  title={Microbially induced sedimentary structures recording an ancient ecosystem in the ca. 3.48 billion-year-old Dresser Formation, Pilbara, Western Australia},
  author={Noffke, Nora and Christian, Daniel and Wacey, David and Hazen, Robert M},
  journal={Astrobiology},
  volume={13},
  number={12},
  pages={1103--1124},
  year={2013},
  publisher={Mary Ann Liebert, Inc. 140 Huguenot Street, 3rd Floor New Rochelle, NY 10801 USA}
}

@article{nosek2015promoting,
  title={Promoting an open research culture},
  author={Nosek, Brian A and Alter, George and Banks, George C and Borsboom, Denny and Bowman, Sara D and Breckler, Steven J and Buck, Stuart and Chambers, Christopher D and Chin, Gilbert and Christensen, Garret and others},
  journal={Science},
  volume={348},
  number={6242},
  pages={1422--1425},
  year={2015},
  publisher={American Association for the Advancement of Science}
}

@article{perelman2011molecular,
  title={A molecular phylogeny of living primates},
  author={Perelman, Polina and Johnson, Warren E and Roos, Christian and Seu{\'a}nez, Hector N and Horvath, Julie E and Moreira, Miguel AM and Kessing, Bailey and Pontius, Joan and Roelke, Melody and Rumpler, Yves and others},
  journal={PLoS Genet},
  volume={7},
  number={3},
  pages={e1001342},
  year={2011},
  publisher={Public Library of Science}
}

@article{schliep2011phangorn,
  title={phangorn: phylogenetic analysis in R},
  author={Schliep, Klaus Peter},
  journal={Bioinformatics},
  volume={27},
  number={4},
  pages={592--593},
  year={2011},
  publisher={Oxford University Press}
}

@article{phillimore2008density,
  title={Density-dependent cladogenesis in birds},
  author={Phillimore, Albert B and Price, Trevor D},
  journal={PLoS biology},
  volume={6},
  number={3},
  year={2008},
  publisher={Public Library of Science}
}

@article{pybus2000testing,
  title={Testing macro--evolutionary models using incomplete molecular phylogenies},
  author={Pybus, Oliver G and Harvey, Paul H},
  journal={Proceedings of the Royal Society of London. Series B: Biological Sciences},
  volume={267},
  number={1459},
  pages={2267--2272},
  year={2000},
  publisher={The Royal Society}
}

@article{revell2005under,
  title={Under-parameterized model of sequence evolution leads to bias in the estimation of diversification rates from molecular phylogenies},
  author={Revell, Liam J and Harmon, Luke J and Glor, Richard E},
  journal={Systematic Biology},
  volume={54},
  number={6},
  pages={973--983},
  year={2005},
  publisher={Taylor \& Francis}
}

@article{sarver2019choice,
  title={The choice of tree prior and molecular clock does not substantially affect phylogenetic inferences of diversification rates},
  author={Sarver, Brice AJ and Pennell, Matthew W and Brown, Joseph W and Keeble, Sara and Hardwick, Kayla M and Sullivan, Jack and Harmon, Luke J},
  journal={PeerJ},
  volume={7},
  pages={e6334},
  year={2019},
  publisher={PeerJ Inc.}
}

@article{schooler2014metascience,
  title={Metascience could rescue the ‘replication crisis’},
  author={Schooler, Jonathan W},
  journal={Nature},
  volume={515},
  number={7525},
  pages={9--9},
  year={2014},
  publisher={Nature Publishing Group}
}

@article{stackebrandt1994taxonomic,
  title={Taxonomic note: a place for DNA-DNA reassociation and 16S rRNA sequence analysis in the present species definition in bacteriology},
  author={Stackebrandt, EaBMG and GOEBEL, Brett M},
  journal={International journal of systematic and evolutionary microbiology},
  volume={44},
  number={4},
  pages={846--849},
  year={1994},
  publisher={Microbiology Society}
}

@article{stringer2012makes,
  title={What makes a modern human},
  author={Stringer, Chris},
  journal={Nature},
  volume={485},
  number={7396},
  pages={33--35},
  year={2012},
  publisher={Nature Publishing Group}
}

@article{theobald2010formal,
  title={A formal test of the theory of universal common ancestry},
  author={Theobald, Douglas L},
  journal={Nature},
  volume={465},
  number={7295},
  pages={219},
  year={2010},
  publisher={Nature Publishing Group}
}

@article{upchurch1995evolutionary,
  title={The evolutionary history of sauropod dinosaurs},
  author={Upchurch, Paul},
  journal={Philosophical Transactions of the Royal Society of London. Series B: Biological Sciences},
  volume={349},
  number={1330},
  pages={365--390},
  year={1995},
  publisher={The Royal Society London}
}

@article{valente2014effects,
  title={The effects of island ontogeny on species diversity and phylogeny},
  author={Valente, Luis M and Etienne, Rampal S and Phillimore, Albert B},
  journal={Proceedings of the Royal Society B: Biological Sciences},
  volume={281},
  number={1784},
  pages={20133227},
  year={2014},
  publisher={The Royal Society}
}

@inproceedings{vasilescu2015,
  title={Quality and productivity outcomes relating to continuous integration in GitHub},
  author={Vasilescu, Bogdan and Yu, Yue and Wang, Huaimin and Devanbu, Premkumar and Filkov, Vladimir},
  booktitle={Proceedings of the 2015 10th Joint Meeting on Foundations of Software Engineering},
  pages={805--816},
  year={2015},
  organization={ACM}
}

@article{weiss2016physiology,
  title={The physiology and habitat of the last universal common ancestor},
  author={Weiss, Madeline C and Sousa, Filipa L and Mrnjavac, Natalia and Neukirchen, Sinje and Roettger, Mayo and Nelson-Sathi, Shijulal and Martin, William F},
  journal={Nature Microbiology},
  volume={1},
  number={9},
  pages={16116},
  year={2016},
  publisher={Nature Publishing Group}
}

@article{yule1925mathematical,
  title={A mathematical theory of evolution, based on the conclusions of Dr. JC Willis, FRS},
  author={Yule, G Udny},
  journal={Philosophical transactions of the Royal Society of London. Series B, containing papers of a biological character},
  volume={213},
  pages={21--87},
  year={1925},
  publisher={JSTOR}
}

